@Article{Adida2020,
  author  = {Adida, Claire, Jessica Gottlieb, Eric Kramon, and Gwyneth McClendon},
  journal = {Comparative Political Studies 53(6): 851–91},
  title   = {When Does Information Influence Voters? The Joint Importance of Salience and Coordination.},
  year    = {2020},
}

@Article{Akinwotu2018,
  author  = {Akinwotu, Emmanuel},
  journal = {New York Times},
  title   = {Nigeria’s Farmers and Herders Fight a Deadly Battle for Scarce Resources.},
  year    = {2018},
  url     = {https://www.nytimes.com/2018/06/25/world/africa/nigeria-herders-farmers.html},
}

@Article{Allport1954,
  author  = {Allport, Gordon},
  journal = {Garden City, NJ Anchor},
  title   = {The Nature of Prejudice.},
  year    = {1954},
}

@Article{Arias2019,
  author  = {Arias, Eric},
  journal = {Political Science Research and Methods 7(3): 561–78},
  title   = {How Does Media Influence Social Norms? Experimental Evidence on the Role of Common Knowledge.},
  year    = {2019},
}

@Article{Barlow2012,
  author  = {Barlow, Fiona Kate et al.},
  journal = {Personality and Social Psychology Bulletin 38(12): 1629–43},
  title   = {The Contact Caveat: Negative Contact Predicts Increased Prejudice More Than Positive Contact Predicts Reduced Prejudice.},
  year    = {2012},
}

@Article{BarTal2000,
  author  = {Bar-Tal, Daniel},
  journal = {Political Psychology 21(2): 351–65},
  title   = {From Intractable Conflict Through Conflict Resolution to Reconciliation: Psychological Analysis.},
  year    = {2000},
}

@Article{BarTal2007,
  author  = {Bar-Tal, Daniel},
  journal = {American Behavioral Scientist 50(11): 1430–53},
  title   = {Sociopsychological Foundations of Intractable Conflicts.},
  year    = {2007},
}

@Article{BarTal2017,
  author = {Bar-Tal, Daniel, and Talia Avrahamzon},
  title  = {Development of Delegitimization and Animosity in the Context of Intractable Conflict.},
  year   = {2017},
}

@Article{Bassett2009,
  author  = {Bassett, Thomas J},
  journal = {Geoforum 40(5): 756–66},
  title   = {Mobile Pastoralism on the Brink of Land Privatization in Northern côte d’Ivoire.},
  year    = {2009},
}

@Article{Boisjoly2006,
  author  = {Boisjoly, Johanne et al.},
  journal = {American Economic Review 96(5): 1890–1905},
  title   = {Empathy or Antipathy? The Impact of Diversity.},
  year    = {2006},
}

@Article{Bornstein2003,
  author  = {Bornstein, Gary},
  journal = {Personality and social psychology review 7(2): 129–45},
  title   = {Intergroup Conflict: Individual, Group, and Collective Interests.},
  year    = {2003},
}

@Article{Burns2015,
  author = {Burns, Justine, Lucia Corno, and Eliana La Ferrara},
  title  = {Interaction, Prejudice and Performance. Evidence from South Africa. Working paper.},
  year   = {2015},
}

@Article{Carrell2015,
  author  = {Carrell, Scott E, Mark Hoekstra, and James E West},
  journal = {National Bureau of Economic Research},
  title   = {The Impact of Intergroup Contact on Racial Attitudes and Revealed Preferences},
  year    = {2015},
}

@Article{Chang2019,
  author  = {Chang, Han Il, and Leonid Peisakhin},
  journal = {American Journal of Political Science 63(1): 146–62},
  title   = {Building Cooperation Among Groups in Conflict: An Experiment on Intersectarian Cooperation in Lebanon.},
  year    = {2019},
}

@Article{Christ2014,
  author  = {Christ, Oliver et al.},
  journal = {Proceedings of the National Academy of Sciences 111(11): 3996–4000},
  title   = {Contextual Effect of Positive Intergroup Contact on Outgroup Prejudice.},
  year    = {2014},
}

@Article{Cook1985,
  author  = {Cook, Stuart W},
  journal = {American Psychologist 40(4): 452},
  title   = {Experimenting on Social Issues: The Case of School Desegregation.},
  year    = {1985},
}

@Article{Cook1971,
  author  = {Cook, Stuart Wellford, Lawrence Samuel Wrightsman, and Shirley Wrightsman},
  journal = {Educational resources in information center, US Department of health, education & welfare.},
  title   = {The Effect of Unintended Interracial Contact Upon Racial Interaction and Attitude Change.},
  year    = {1971},
}

@Article{Cotula2004,
  author  = {Cotula, Lorenzo, Camilla Toulmin, Ced Hesse, and others},
  journal = {International Institute for Environment; Development London},
  title   = {Land Tenure and Administration in Africa: Lessons of Experience and Emerging Issues.},
  year    = {2004},
}

@Article{Daniel2018,
  author  = {Daniel, Soni},
  journal = {Vanguard},
  title   = {Anti-Open Grazing Law: Nass, Benue, Kwara, Taraba Tackle Defence Minister.},
  year    = {2018},
  url     = {https://www.vanguardngr.com/2018/06/anti-open-grazing-law-nass-benue-kwara-taraba-tackle-defence-minister/},
}

@Article{Deutsch1973,
  author  = {Deutsch, Morton},
  journal = {Yale University Press},
  title   = {The Resolution of Conflict: Constructive and Destructive Processes.},
  year    = {1973},
}

@Article{Deutsch1951,
  author  = {Deutsch, Morton, and Mary Evans Collins},
  journal = {U of Minnesota Press},
  title   = {Interracial Housing: A Psychological Evaluation of a Social Experiment.},
  year    = {1951},
}

@Article{Ditlmann2016,
  author  = {Ditlmann, Ruth K, and Cyrus Samii},
  journal = {Peace and Conflict: Journal of Peace Psychology 22(4): 380},
  title   = {Can Intergroup Contact Affect Ingroup Dynamics? Insights from a Field Study with Jewish and Arab-Palestinian Youth in Israel.},
  year    = {2016},
}

@Article{Ditlmann2017,
  author  = {Ditlmann, Ruth K, Cyrus Samii, and Thomas Zeitzoff},
  journal = {Social Issues and Policy Review 11(1): 38–77},
  title   = {Addressing Violent Intergroup Conflict from the Bottom up?},
  year    = {2017},
}

@Article{Doosje1995,
  author  = {Doosje, Bertjan, Russell Spears, and Willem Koomen},
  journal = {Journal of Personality and Social psychology 69(4): 642},
  title   = {When Bad Isn’t All Bad: Strategic Use of Sample Information in Generalization and Stereotyping.},
  year    = {1995},
}

@Article{Duru2018,
  author  = {Duru, Peter},
  journal = {Vanguard},
  title   = {Court Stops Inspector General from Proscribing Benue Livestock Guard.},
  year    = {2018},
  url     = {https://www.vanguardngr.com/2018/11/court-stops-ig-from-proscribing-benue-livestock-guards/},
}

@Article{Enos2014,
  author  = {Enos, Ryan D},
  journal = {Proceedings of the National Academy of Sciences 111(10): 3699–3704},
  title   = {Causal Effect of Intergroup Contact on Exclusionary Attitudes.},
  year    = {2014},
}

@Article{Fearon1995,
  author  = {Fearon, James D},
  journal = {International organization 49(3): 379–414},
  title   = {Rationalist Explanations for War.},
  year    = {1995},
}

@Article{Fearon2009,
  author  = {Fearon, James D, Macartan Humphreys, and Jeremy M Weinstein},
  journal = {The American Economic Review 99(2): 287–91},
  title   = {Can Development Aid Contribute to Social Cohesion After Civil War? Evidence from a Field Experiment in Post-Conflict Liberia.},
  year    = {2009},
}

@Article{Fearon1996,
  author  = {Fearon, James D, and David D Laitin},
  journal = {American political science review 90(4): 715–35},
  title   = {Explaining Interethnic Cooperation.},
  year    = {1996},
}

@Article{Festinger1962,
  author  = {Festinger, Leon},
  journal = {Stanford university press},
  title   = {2 A Theory of Cognitive Dissonance},
  year    = {1962},
}

@Article{Finseraas2016,
  author  = {Finseraas, Henning, Åshild A Johnsen, Andreas Kotsadam, and Gaute Torsvik},
  journal = {European Economic Review 90: 363–74},
  title   = {Exposure to Female Colleagues Breaks the Glass Ceiling—Evidence from a Combined Vignette and Field Experiment.},
  year    = {2016},
}

@Article{Grossman2018,
  author  = {Grossman, Guy, and Kristin Michelitch},
  journal = {The American Political Science Review 112(2): 280–301},
  title   = {Information Dissemination, Competitive Pressure, and Politician Performance Between Elections: A Field Experiment in Uganda.},
  year    = {2018},
}

@Article{Gubler2013,
  author  = {Gubler, Joshua R},
  journal = {In Annual Meeting of the American Political Science Association},
  title   = {When Humanizing the Enemy Fails: The Role of Dissonance and Justification in Intergroup Conflict.},
  year    = {2013},
}

@Article{Hailemariam2018,
  author  = {Hailemariam, Adium},
  journal = {Frontera},
  title   = {Nigeria: Violence in the Middle Belt Becomes Major Concern for President Buhari.},
  year    = {2018},
  url     = {https://frontera.net/news/africa/nigeria-violence-in-the-middle-belt-becomes-major-concern-for-president-buhari/},
}

@Article{Harrison2004,
  author  = {Harrison, Glenn W, and John A List},
  journal = {Journal of Economic literature 42(4): 1009–55},
  title   = {Field Experiments.},
  year    = {2004},
}

@Article{Harwood2019,
  author  = {Harwood, Asch},
  journal = {Council on Foreign Relations},
  title   = {Update: The Numbers Behind Sectarian Violence in Nigeria.},
  year    = {2019},
  url     = {https://www.cfr.org/blog/update-numbers-behind-sectarian-violence-nigeria},
}

@Article{Ilo2019,
  author  = {Ilo, Udo Jude, Jonathan-Ichavar Ier, and Yemi Adamolekun},
  journal = {Foreign Affairs},
  title   = {The Deadliest Conflict You’ve Never Heard of: Nigeria’s Cattle Herders and Farmers Wage a Resource War.},
  year    = {2019},
  url     = {https://www.foreignaffairs.com/articles/nigeria/2019-01-23/deadliest-conflict-youve-never-heard},
}

@Article{Kazeem2018,
  author  = {Kazeem, Yomi},
  journal = {Quartz Africa},
  title   = {Nigeria’s Deadly Pastoral Attacks Are Hurting the Potential of an Agric-Powered Economy.},
  year    = {2018},
}

@Article{Klein1992,
  author  = {Klein, William M, and Ziva Kunda},
  journal = {Journal of experimental social psychology 28(2): 145–68},
  title   = {Motivated Person Perception: Constructing Justifications for Desired Beliefs.},
  year    = {1992},
}

@Article{Kunda1990,
  author  = {Kunda, Ziva},
  journal = {Psychological bulletin 108(3): 480},
  title   = {The Case for Motivated Reasoning.},
  year    = {1990},
}

@Article{Kuusaana2015,
  author  = {Kuusaana, Elias Danyi, and Kaderi Noagah Bukari},
  journal = {Journal of rural studies 42: 52–62},
  title   = {Land Conflicts Between Smallholders and Fulani Pastoralists in Ghana: Evidence from the Asante Akim North District (Aand).},
  year    = {2015},
}

@Article{Lemmer2015,
  author  = {Lemmer, Gunnar, and Ulrich Wagner},
  journal = {European Journal of Social Psychology 45(2): 152–68},
  title   = {Can We Really Reduce Ethnic Prejudice Outside the Lab? A Meta-Analysis of Direct and Indirect Contact Interventions.},
  year    = {2015},
}

@Article{Lowe2020,
  author = {Lowe, Matt},
  title  = {Types of Contact: A Field Experiment on Collaborative and Adversarial Caste Integration.},
  year   = {2020},
}

@Article{Marmaros2006,
  author  = {Marmaros, David, and Bruce Sacerdote},
  journal = {The Quarterly Journal of Economics 121(1): 79–119},
  title   = {How Do Friendships Form?},
  year    = {2006},
}

@Article{McDonnel2017,
  author  = {McDonnel, Tim},
  journal = {National Public Radio (NPR)},
  title   = {Why It’s Now a Crime to Let Cattle Graze Freely in 2 Nigerian States.},
  year    = {2017},
  url     = {https://www.npr.org/sections/goatsandsoda/2017/12/12/569913821/why-its-now-a-crime-to-let-cattle-graze-freely-in-2-nigerian-states},
}

@Article{McDougal2015,
  author  = {McDougal, Topher L et al.},
  journal = {Economics of Peace and Security Journal 10(1): 54–65},
  title   = {The Effect of Farmer-Pastoralist Violence on Income: New Survey Evidence from Nigeria’s Middle Belt States.},
  year    = {2015},
}

@Article{Mousa2020,
  author  = {Mousa, Salma},
  journal = {Science 369(6505): 866–70},
  title   = {Building Social Cohesion Between Christians and Muslims Through Soccer in Post-Isis Iraq.},
  year    = {2020},
}

@Article{Network2014,
  author  = {Network, Nigeria Research},
  journal = {5. NRN Policy Brief},
  title   = {Indigeneity, Belonging, and Religious Freedom in Nigeria: Citizens’ Views from the Street.},
  year    = {2014},
  url     = {https://www.researchgate.net/publication/333320680_Indigeneity_Belonging_Religious_Freedom_in_Nigeria},
}

@Article{Nickerson1998,
  author  = {Nickerson, Raymond S},
  journal = {Review of general psychology 2(2): 175–220},
  title   = {Confirmation Bias: A Ubiquitous Phenomenon in Many Guises.},
  year    = {1998},
}

@Article{NnokoMewanu2018,
  author  = {Nnoko-Mewanu, Juliana},
  journal = {Human Rights Watch},
  title   = {Farmer-Herder Conflict on the Rise in Africa.},
  year    = {2018},
}

@Article{Okpara2015,
  author  = {Okpara, Uche T, Lindsay C Stringer, Andrew J Dougill, and Mohammed D Bila},
  journal = {Progress in Development Studies 15(4): 308–25},
  title   = {Conflicts About Water in Lake Chad: Are Environmental, Vulnerability and Security Issues Linked?},
  year    = {2015},
}

@Article{Paler2020,
  author  = {Paler, Laura, Leslie Marshall, Sami Atallah, and others},
  journal = {Quarterly Journal of Political Science 15(1): 33–71},
  title   = {How Cross-Cutting Discussion Shapes Support for Ethnic Politics: Evidence from an Experiment in Lebanon.},
  year    = {2020},
}

@Article{Paluck2009,
  author  = {Paluck, Elizabeth Levy},
  journal = {Journal of personality and social psychology 96(3): 574},
  title   = {Reducing Intergroup Prejudice and Conflict Using the Media: A Field Experiment in Rwanda.},
  year    = {2009},
}

@Article{Paluck2019,
  author  = {Paluck, Elizabeth Levy, Seth A Green, and Donald P Green},
  journal = {Behavioural Public Policy 3(2): 129–58},
  title   = {The Contact Hypothesis Re-Evaluated.},
  year    = {2019},
}

@Article{Paolini2010,
  author  = {Paolini, Stefania, Jake Harwood, and Mark Rubin},
  journal = {Personality and Social Psychology Bulletin 36(12): 1723–38},
  title   = {Negative Intergroup Contact Makes Group Memberships Salient: Explaining Why Intergroup Conflict Endures.},
  year    = {2010},
}

@Article{Pettigrew2006,
  author  = {Pettigrew, Thomas F, and Linda R Tropp},
  journal = {Journal of personality and social psychology 90(5): 751},
  title   = {A Meta-Analytic Test of Intergroup Contact Theory.},
  year    = {2006},
}

@Article{Rao2019,
  author  = {Rao, Gautam},
  journal = {American Economic Review 109(3): 774–809},
  title   = {Familiarity Does Not Breed Contempt: Generosity, Discrimination, and Diversity in Delhi Schools.},
  year    = {2019},
}

@Article{Rigterink2019,
  author = {Rigterink, Anouk, and Mareike Schomerus},
  title  = {Behavioural Experiments, Micro-Narratives, Structured Survey and Interviews: Combining Four Methods to Understand How Past Violent Conflict Affects Behaviour.},
  year   = {2019},
}

@Article{Rime2011,
  author  = {Rimé, Bernard, Patrick Kanyangara, Vincent Yzerbyt, and Dario Paez},
  journal = {European Journal of Social Psychology 41(6): 695–706},
  title   = {The Impact of Gacaca Tribunals in Rwanda: Psychosocial Effects of Participation in a Truth and Reconciliation Process After a Genocide.},
  year    = {2011},
}

@Article{Scacco2018,
  author  = {Scacco, Alexandra, and Shana S Warren},
  journal = {American Political Science Review 112(3): 654–77},
  title   = {Can Social Contact Reduce Prejudice and Discrimination? Evidence from a Field Experiment in Nigeria.},
  year    = {2018},
}

@Article{Slavin1999,
  author  = {Slavin, Robert E, and Robert Cooper},
  journal = {Journal of Social issues 55(4): 647–63},
  title   = {Improving Intergroup Relations: Lessons Learned from Cooperative Learning Programs.},
  year    = {1999},
}

@Article{Stark2013,
  author  = {Stark, Tobias H, Andreas Flache, and René Veenstra},
  journal = {Personality and Social Psychology Bulletin 39(5): 608–22},
  title   = {Generalization of Positive and Negative Attitudes Toward Individuals to Outgroup Attitudes.},
  year    = {2013},
}

@Article{Sundberg2013,
  author  = {Sundberg, Ralph, and Erik Melander},
  journal = {Journal of Peace Research 50(4): 523–32},
  title   = {Introducing the Ucdp Georeferenced Event Dataset.},
  year    = {2013},
}

@Article{Tajfel1979,
  author  = {Tajfel, Henri, and John C Turner},
  journal = {The social psychology of intergroup relations 33(47): 74},
  title   = {An Integrative Theory of Intergroup Conflict.},
  year    = {1979},
}

@Article{Tavris2008,
  author  = {Tavris, Carol, and Elliot Aronson},
  journal = {Houghton Mifflin Harcourt},
  title   = {Mistakes Were Made (but Not by Me): Why We Justify Foolish Beliefs, Bad Decisions, and Hurtful Acts.},
  year    = {2008},
}

@Article{Thomas2018,
  author  = {Thomas, Natalie, and Sumant Nigam},
  journal = {Journal of Climate 31(9): 3349–70},
  title   = {Twentieth-Century Climate Change over Africa: Seasonal Hydroclimate Trends and Sahara Desert Expansion.},
  year    = {2018},
}

@Article{Unah2018,
  author  = {Unah, Linus},
  journal = {Christian Science Minitor},
  title   = {In Nigeria’s Diverse Middle Belt, a Drying Landscape Deepens Violent Divides.},
  year    = {2018},
}

@Article{UNHCR2019,
  author = {UNHCR},
  title  = {UNHCR Statistical Yearbook},
  year   = {2019},
  url    = {https://www.unhcr.org/en-us/figures-at-a-glance.html: United Nations High Commission for Refugees},
}

@Article{VanDessel2019,
  author  = {Van Dessel, Pieter, Sean Hughes, and Jan De Houwer},
  journal = {Personality and Social Psychology Review 23(3): 267–84},
  title   = {How Do Actions Influence Attitudes? An Inferential Account of the Impact of Action Performance on Stimulus Evaluation.},
  year    = {2019},
}

@Article{VanLaar2005,
  author  = {Van Laar, Colette, Shana Levin, Stacey Sinclair, and Jim Sidanius},
  journal = {Journal of Experimental Social Psychology 41(4): 329–45},
  title   = {The Effect of University Roommate Contact on Ethnic Attitudes and Behavior.},
  year    = {2005},
}

@Article{Verwimp2012,
  author  = {Verwimp, Philip, and others},
  journal = {United Nations Development Programme Working Paper: 1–13},
  title   = {Food Security, Violent Conflict and Human Development: Causes and Consequences.},
  year    = {2012},
}

@Article{Ward1997,
  author  = {Ward, Andrew et al.},
  journal = {Values and knowledge: 103–35},
  title   = {Naive Realism in Everyday Life: Implications for Social Conflict and Misunderstanding.},
  year    = {1997},
}

@Article{Weiss2019,
  author = {Weiss, Chagai M},
  title  = {Curing Prejudice Through Representative Bureaucracies: Evidence from a Natural Experiment in Israeli Medical Clinics.},
  year   = {2019},
}

@Article{Winking2013,
  author  = {Winking, Jeffrey, and Nicholas Mizer},
  journal = {Evolution and Human Behavior 34(4): 288–93},
  title   = {Natural-Field Dictator Game Shows No Altruistic Giving.},
  year    = {2013},
}

@Article{Wright1997,
  author  = {Wright, Stephen C, Arthur Aron, Tracy McLaughlin-Volpe, and Stacy A Ropp},
  journal = {Journal of Personality and Social psychology 73(1): 73},
  title   = {The Extended Contact Effect: Knowledge of Cross-Group Friendships and Prejudice.},
  year    = {1997},
}

@Comment{jabref-meta: databaseType:bibtex;}
